@Manual{r,
    title = {R: A Language and Environment for Statistical Computing},
    author = {{R Development Core Team}},
    organization = {R Foundation for Statistical Computing},
    address = {Vienna, Austria},
    year = {2011},
    note = {{ISBN} 3-900051-07-0},
    url = {http://www.R-project.org/},
}

@misc{hmisc,
    title = {Hmisc: Harrell Miscellaneous},
    author = {Frank E Harrell},
    year = {2010},
    note = {R package version 3.8-3},
    HowPublished = {\url{http://CRAN.R-project.org/package=Hmisc}},
}
  
@misc{norm,
    title = {norm: Analysis of multivariate normal datasets with missing values},
    author = {Alvaro A. Novo and Joseph L. Schafer},
    year = {2010},
    note = {R package version 1.0-9.2},
    HowPublished = {\url{http://CRAN.R-project.org/package=norm}},
}
  
@misc{ggally,
    title = {GGally: Extension to ggplot2.},
    author = {Barret Schloerke and Jason Crowley and Di Cook and Heike Hofmann and Hadley Wickham},
    year = {2011},
    note = {R package version 0.3.0},
    HowPublished = {\url{http://CRAN.R-project.org/package=GGally}},
}

@misc{gwidgets,
    title = {gWidgets: gWidgets API for building toolkit-independent, interactive GUIs},
    author = {John Verzani and Simon Urbanek and Philippe Grosjean and Michael Lawrence},
    year = {2011},
    note = {R package version 0.0-44},
    HowPublished = {\url{http://CRAN.R-project.org/package=gWidgets}},
}

@Book{ggplot2,
    author = {Hadley Wickham},
    title = {ggplot2: elegant graphics for data analysis},
    publisher = {Springer New York},
    year = {2009},
    isbn = {978-0-387-98140-6},
    url = {\url{http://had.co.nz/ggplot2/book}},
}

@article{swayne1998missing,
  title={{Missing data in interactive high-dimensional data visualization}},
  author={Swayne, D.F. and Buja, A.},
  journal={Computational Statistics},
  volume={13},
  number={1},
  pages={15--26},
  issn={0943-4062},
  year={1998},
  publisher={Citeseer}
}

@article{unwin1996interactive,
  title={{Interactive graphics for data sets with missing values: MANET}},
  author={Unwin, A. and Hawkins, G. and Hofmann, H. and Siegl, B.},
  journal={Journal of Computational and Graphical Statistics},
  volume={5},
  number={2},
  pages={113--122},
  issn={1061-8600},
  year={1996},
  publisher={JSTOR}
}

@misc{tao, 
  Author="McPhaden, M.~J.", 
  Year=2011, 
  Title={Tropical Atmosphere Ocean project}, HowPublished={\url{http://www.pmel.noaa.gov/tao/index.shtml}}
}

@BOOK{CS07,
  Author="Cook, D. and Swayne, D.~F.",
  Year=2007,
  Title="Interactive and {D}ynamic {G}raphics for {D}ata {A}nalysis: with {R} and {GG}obi",
  Publisher="Springer",
  Address="New York, NY"
}

@article{STLBC03, 
  author = "Deborah~F.~Swayne and Duncan~{Temple Lang}
  and Andreas~Buja and Dianne~Cook", 
  title = "{GG}obi: {E}volving from {XG}obi into an {E}xtensible {F}ramework for {I}nteractive {D}ata {V}isualization", 
  journal = "Computational Statistics \& Data Analysis", 
  volume = 43, 
  year = 2003, 
  pages = "423--444",
  url={\url{http://www.ggobi.org}} 
}
